%% This BibTeX bibliography file was created using BibDesk.
%% http://bibdesk.sourceforge.net/


%% Saved with string encoding Unicode (UTF-8)

@url{marketing-evolution,


	title = {Evolución del marketing digital},
	howpublished = "\url{https://goo.gl/8pZ049}",
    year= {2016}

}

@url{SEO,


	title = {Técnicas de posicionamiento SEP},
	howpublished = "\url{https://goo.gl/KHTUA7}",
    year= {2013}

}

@url{analytics,


	title = {Documentación de Analytics},
	howpublished = "\url{https://goo.gl/dJBWi2}",

}

@url{social-targetting,


	title = {Targeting de cada red social},
	howpublished = "\url{https://goo.gl/QklCgk}",
    year = {2016}

}

@url{social-media-marketing,


	title = {Marketing en redes sociales},
	howpublished = "\url{https://goo.gl/w3Y1b2}",
    year = {2015}

}

@url{big-data-tools,


	title = {Herramientas de gestión de Big Data},
	howpublished = "\url{https://goo.gl/FzrFwV}",

}

@url{scrum,


	title = {SCRUM, métodología ágil},
	howpublished = "\url{https://goo.gl/ixuest}",

}

@url{twitter-api,

  author = {Twitter},
	title = {Documentación de la API deTwitter},
	howpublished = "\url{https://goo.gl/SxuXms}",

}

@url{googleMaps-api,

  author = {Google},
	title = {API de Google Maps docs},
	howpublished = "\url{https://goo.gl/G39aMk}",

}

@url{sass-doc,


	title = {Documentación de SASS},
	howpublished = "\url{https://goo.gl/wS8AkC}",

}

@url{laravel-doc,

	title = {Documentación de Laravel},
	howpublished = "\url{https://goo.gl/0ihWxe}",

}

@url{jquery-doc,

     author = {JQuery},
	title = {Documentación de JQuery},
	howpublished = "\url{https://goo.gl/RFkHX5}",

}

@url{eloquent-orm,

	title = {Eloquent ORM},
	howpublished = "\url{https://goo.gl/E0aanb}",

}
@url{tweet-framework,

  author = {Thujohn},
	title = {Framework de la API Twitter para Laravel},
	howpublished = "\url{https://goo.gl/srIzPB}",

}

@url{mvc,

    author = {Miguel Angel Alvarez},
	title = {Arquitectura MVC},
	howpublished = "\url{https://goo.gl/LFw5Ep}",

}
